<record><leader>00000cas a22000007a 4500</leader><controlfield tag="001">9940326</controlfield><controlfield tag="008">830923d18661926nyuwr ne      0    0eng d</controlfield><controlfield tag="009">3781</controlfield><datafield ind1=" " ind2=" " tag="010"><subfield code="a">sn 83031516 </subfield></datafield><datafield ind1=" " ind2=" " tag="040"><subfield code="a">NPU</subfield><subfield code="b">eng</subfield><subfield code="c">NPU</subfield><subfield code="d">NPX</subfield><subfield code="d">NYS</subfield><subfield code="d">OCLCQ</subfield></datafield><datafield ind1="1" ind2=" " tag="029"><subfield code="a">AU@</subfield><subfield code="b">000020277093</subfield></datafield><datafield ind1=" " ind2=" " tag="042"><subfield code="a">msc</subfield></datafield><datafield ind1="0" ind2="0" tag="245"><subfield code="a">Penn Yan express.</subfield></datafield><datafield ind1=" " ind2=" " tag="260"><subfield code="a">Penn Yan, N.Y. :</subfield><subfield code="b">Geo. D.A. Bridgman</subfield></datafield><datafield ind1=" " ind2=" " tag="300"><subfield code="a">v. ;</subfield><subfield code="c">58-70 cm.</subfield></datafield><datafield ind1=" " ind2=" " tag="310"><subfield code="a">Weekly</subfield></datafield><datafield ind1="0" ind2=" " tag="362"><subfield code="a">Vol. 1, no. 1 (Apr. 7, 1866)-</subfield></datafield><datafield ind1="1" ind2=" " tag="362"><subfield code="a">Ceased in 1926?</subfield></datafield><datafield ind1=" " ind2=" " tag="500"><subfield code="a">Publishers: George D.A. Bridgman, 1866-&lt;1867&gt;; Reuben A. Scofield, &lt;1876-1910&gt;.</subfield></datafield><datafield ind1=" " ind2=" " tag="500"><subfield code="a">Editor: Reuben A. Scofield, &lt;1876-1897&gt;.</subfield></datafield><datafield ind1=" " ind2=" " tag="580"><subfield code="a">Merged with: Rushville chronicle and Gorham new age, and: Yates County chronicle, to form: Chronicle-express. Cf. Faibisoff, S.G. bibliography of newspapers in 14 N.Y. counties (1978 ed.).</subfield></datafield><datafield ind1=" " ind2="4" tag="651"><subfield code="a">Penn Yan (N.Y.)</subfield><subfield code="v">Newspapers.</subfield></datafield><datafield ind1=" " ind2=" " tag="752"><subfield code="a">United States</subfield><subfield code="b">New York</subfield><subfield code="c">Yates</subfield><subfield code="d">Penn Yan.</subfield></datafield><datafield ind1="1" ind2="7" tag="785"><subfield code="t">Rushville chronicle and Gorham new age</subfield><subfield code="w">(DLC)sn 84031426</subfield></datafield><datafield ind1="1" ind2="7" tag="785"><subfield code="t">Yates County chronicle</subfield><subfield code="w">(DLC)sn 83031518</subfield></datafield><datafield ind1="1" ind2="7" tag="785"><subfield code="t">Chronicle-express</subfield><subfield code="w">(DLC)sn 84031443</subfield></datafield></record>